@article{EFS,
  title={Sheaf cohomology and free resolutions over exterior algebras},
  author={Eisenbud, David and Floystad, Gunnar and Schreyer, Frank-Olaf},
  journal={Transactions of the American Mathematical Society},
  volume={355},
  number={11},
  pages={4397--4426},
  year={2003}
}

@article{BGG,
  title={Algebraic bundles over $\mathbb{P}^n$  and problems of linear algebra, },
  author={Bernstein, I.N. and Gel'fand, I.M. and Gel'fand, S.I.},
  journal={Funct Anal. and Appl},
  volume={12},
  pages={212--214},
  year={1978}
}



@article{EES,
  title={Tate resolutions for products of projective spaces},
  author={Eisenbud, David and Erman, Daniel and Schreyer, Frank-Olaf},
  journal={Acta Mathematica Vietnamica},
  volume={40},
  number={1},
  pages={5--36},
  year={2015},
  publisher={Springer}
}

@article{baranovsky,
  title={{BGG} correspondence for toric complete intersections},
  author={Baranovsky, Vladimir},
  journal={Moscow Mathematical Journal},
  volume = {7},
  number = {4},
  pages = {581--599},
  year={2007}
}

@article{CK,
  title={Derived autoequivalences and a weighted {B}eilinson resolution},
  author={Canonaco, Alberto and Karp, Robert L.},
  journal={Journal of Geometry and Physics},
  volume={58},
  number={6},
  pages={743--760},
  year={2008},
  publisher={Elsevier}
}

@article{rouquier,
  title={Representation dimension of exterior algebras},
  author={Rouquier, Rapha{\"e}l},
  journal={Inventiones mathematicae},
  volume={165},
  number={2},
  pages={357--367},
  year={2006},
  publisher={Springer}
}

@article{ABI,
  title={Class and rank of differential modules},
  author={Avramov, Luchezar L. and Buchweitz, Ragnar-Olaf and Iyengar, Srikanth},
  journal={Inventiones mathematicae},
  volume={169},
  number={1},
  pages={1--35},
  year={2007},
  publisher={Springer}
}

@article{buchweitz,
  title={Maximal {C}ohen-{M}acaulay modules and {T}ate-cohomology over {G}orenstein rings},
  author={Buchweitz, Ragnar-Olaf},
  year={1987},
  publisher={University of Hannover}
}